@misc{yolov3-pytorch-tutorial,
    author = {Ayoosh Kathuria},
    title = {{How to implement a YOLO (v3) object detector from scratch in PyTorch}},
    howpublished = "\url{https://blog.paperspace.com/how-to-implement-a-yolo-object-detector-in-pytorch/}",
    note = "[Online; accessed June 1st, 2018]"
}

@misc{object-detection,
    author = {Matthijs Hollemans},
    title = {{One-shot object detection}},
    howpublished = "\url{http://machinethink.net/blog/object-detection/}",
    note = "[Online; accessed September 26th, 2018]"
}

@misc{cnn-ang,
    author = {Andrew Ng},
    title = {{Online Course: Convolutional Neural Networks}},
    howpublished = "\url{https://www.coursera.org/learn/convolutional-neural-networks/}",
    note = "[Online; accessed November 16th, 2018]"
}

@misc{adeshpande3cnn1,
    author = {Adit Deshpande},
    title = {{A Beginner's Guide To Understanding Convolutional Neural Networks}},
    howpublished = "\url{https://adeshpande3.github.io/adeshpande3.github.io/A-Beginner's-Guide-To-Understanding-Convolutional-Neural-Networks/}",
    note = "[Online; accessed 5th-May-2018]"
}

@misc{cs231n,
    author = {Stanford University},
    title = {{CS231n Convolutional Neural Networks for Visual Recognition}},
    howpublished = "\url{http://cs231n.github.io/convolutional-networks}",
    note = "[Online; accessed 28th-April-2018]"
}

@misc{jaccard_index,
    title = {{Wikipedia: Jaccard index}},
    howpublished = "\url{https://en.wikipedia.org/wiki/Jaccard_index}",
    note = "[Online; accessed 18th-November-2018]"
}

@article{DBLP:journals/corr/RedmonDGF15,
    author    = {Joseph Redmon and
                Santosh Kumar Divvala and
                Ross B. Girshick and
                Ali Farhadi},
    title     = {You Only Look Once: Unified, Real-Time Object Detection},
    journal   = {CoRR},
    volume    = {abs/1506.02640},
    year      = {2015},
    url       = {http://arxiv.org/abs/1506.02640},
    archivePrefix = {arXiv},
    eprint    = {1506.02640},
    timestamp = {Mon, 13 Aug 2018 16:48:08 +0200},
    biburl    = {https://dblp.org/rec/bib/journals/corr/RedmonDGF15},
    bibsource = {dblp computer science bibliography, https://dblp.org}
}

@article{DBLP:journals/corr/RedmonF16,
    author    = {Joseph Redmon and
                Ali Farhadi},
    title     = {{YOLO9000: Better, Faster, Stronger}},
    journal   = {CoRR},
    volume    = {abs/1612.08242},
    year      = {2016},
    url       = {http://arxiv.org/abs/1612.08242},
    archivePrefix = {arXiv},
    eprint    = {1612.08242},
    timestamp = {Mon, 13 Aug 2018 16:48:25 +0200},
    biburl    = {https://dblp.org/rec/bib/journals/corr/RedmonF16},
    bibsource = {dblp computer science bibliography, https://dblp.org}
}

@article{DBLP:journals/corr/abs-1804-02767,
    author    = {Joseph Redmon and
                Ali Farhadi},
    title     = {{YOLOv3: An Incremental Improvement}},
    journal   = {CoRR},
    volume    = {abs/1804.02767},
    year      = {2018},
    url       = {http://arxiv.org/abs/1804.02767},
    archivePrefix = {arXiv},
    eprint    = {1804.02767},
    timestamp = {Mon, 13 Aug 2018 16:48:24 +0200},
    biburl    = {https://dblp.org/rec/bib/journals/corr/abs-1804-02767},
    bibsource = {dblp computer science bibliography, https://dblp.org}
}

@Misc{darknet,
    author       = {Joseph Redmon},
    title        = {{Darknet: Open Source Neural Networks in C}},
    howpublished = {\url{https://github.com/pjreddie/darknet}}
}

@Misc{labelImg,
    author       =   {GitHub: tzutalin},
    title        =    {{labelImg}},
    howpublished = {\url{https://github.com/tzutalin/labelImg}}
}

@Misc{AlexeyAB_darknet,
    author       =   {GitHub: AlexeyAB},
    title        =    {{Windows and Linux version of Darknet Yolo v3 \& v2 Neural Networks for object detection (Tensor Cores are used)}},
    howpublished = {\url{https://github.com/AlexeyAB/darknet}}
}

@article{hog-tqbao-thchen-tqdinh,
    author = {{Trương Quốc Bảo, Trương Hùng Chen, Trương Quốc Định}},
    year = {2015},
    month = {November},
    title = {{Phát hiện và nhận dạng biển báo giao thông đường bộ sử dụng đặc trưng HOG và mạng nơron nhân tạo}},
    booktitle = {Journal of Science, Can Tho University},
    journal = {Journal of Science, Can Tho University}
}

@techreport{faster-rcnn-nngbao-dldien,
    author = {{Ngô Nguyễn Gia Bảo, Dương Lữ Điện}},
    institution = {{Đại học Cần Thơ}},
    year = {2018},
    month = {May},
    title = {{Nhận dạng biển báo giao thông bằng giải thuật Faster R-CNN}}
}
